@book{agentspeak-2007,
    author = {Bordini, Rafael H. and H\"{u}bner, Jomi F. and Wooldridge, Michael},
    isbn = {0470029005},
    publisher = {Wiley-Interscience},
    title = {{Programming Multi-Agent Systems in AgentSpeak using Jason}},
    year = {2007},
    annote={This book is a useful overview of Jason and AgentSpeak, and talks the reader through getting started programming a multi-agent system.
It covers the syntax of AgentSpeak, the methods of communication between an agent and the Java environment, and how to set up the Java
environment correctly.}
}


@MISC{jason-2014,
author = {H\"{u}bner, J. F. and Bordini, H. R.},
title = {{Jason - a Java-based interpreter for an extended version of AgentSpeak}},
year{2014},
howpublished={\url{http://jason.sourceforge.net/wp/description/}},
note={Accessed January 2015},
annote={The webpage written by the creators of Jason, describing the features of Jason.}
}